
@software{wang_poi_nodate,
	title = {poi: Write Excel {XLSX} declaratively.},
	rights = {{MIT} License},
	url = {https://github.com/baoshishu/poi},
	shorttitle = {poi},
	version = {1.0.1},
	author = {Wang, Ryan},
	urldate = {2023-05-19},
	keywords = {declarative, excel,, Software Development - Libraries, Software Development - Libraries - Python Modules, xlswriter,, xlsx,},
	file = {Snapshot:/home/eyjafjallajokull/Zotero/storage/BIG5D8N3/poi.html:text/html},
}
