@ARTICLE{A,
  author = {A. A. Aardvark},
  title = {Article title},
  journal = {Journal One},
  year = {1900},
  volume = {1},
  pages = {1--8},
  number = {1}
}

@ARTICLE{B,
  author = {A. A. Abramson and B. B. Barbie},
  title = {Article title},
  journal = {Journal Two},
  year = {1900},
  volume = {1},
  pages = {9--17},
  number = {1}
}

@ARTICLE{C,
  author = {A. A. Abramson and B. B. Barbie and C. C. Rider},
  title = {Article title},
  journal = {Journal Three},
  year = {1900},
  volume = {1},
  pages = {192--244},
  number = {1}
}